<?xml version="1.0" encoding="UTF-8"?><collection xmlns="http://www.loc.gov/MARC21/slim"><record><leader>00360nam--2200121-i-4500</leader><controlfield tag="001">000039319</controlfield><controlfield tag="002">20161230</controlfield><controlfield tag="005">20161230201042</controlfield><controlfield tag="008">060222s1000------------r-----000-0-eng-d</controlfield><datafield ind1=" " ind2=" " tag="080"><subfield code="a">5579</subfield></datafield><datafield ind1=" " ind2=" " tag="100"><subfield code="a">Roederer Beatriz And Juan</subfield></datafield><datafield ind1=" " ind2=" " tag="245"><subfield code="a">Analysis of a single pion pair found in nuclear emulsion</subfield></datafield><datafield ind1=" " ind2=" " tag="260"><subfield code="a">Buenos Aires, Comision Nacional De La Energia Atomica. 4 P</subfield></datafield></record></collection>